@WWW{codeguru,
author = {Laivindur},
title = {Hexagonal Buttons},
shorttitle = {Hexagonal Buttons},
year = {2009},
url = {http://forums.codeguru.com/showthread.php?478270-Hexagon-Buttons},
urldate = {21.12.2013}
}

@WWW{hexagoncoords,
author = {Chris Schetter},
title = {Hexagon grids: coordinate systems and distance calculations},
shorttitle = {Hexagonal coordinate systems},
year = {2011},
url = {http://keekerdc.com/2011/03/hexagon-grids-coordinate-systems-and-distance-calculations/},
urldate = {20.12.2013}
}

@misc{holey,
author = {Prof. Dr. Thomas Holey},
title = {Vorlesungsskript: Operations Research},
shorttitle = {Operations Research},
year = {o. J.}
}

